@CONFERENCE{conf1,
  author = {Калякулина, А.И. and Юсипов, И.И. and Иванченко, М.В. and Франчески, К.},
  title = {Применение дисперсионного анализа для поиска биомаркеров-предикторов возраста, связанных с полом},
  booktitle = {Биосистемы: организация, поведение, управление: Тезисы докладов 72-й Всероссийской с международным участием школы-конференции молодых учёных},
  year = {2019},
  language = {russian},
  authorconf = {true},
}

@CONFERENCE{conf2,
	author = {Kalyakulina, A. and Yusipov, I. and Vershinina, O. and Ivanchenko, M. and Franceschi, C.},
	title = {Polygonal Approach for Finding Age-related Sex-specific Methylation Changes},
	booktitle = {PhysCon 2019. Book of Abstracts},
	year = {2019},
	language = {english},
	authorconf = {true},
}

@CONFERENCE{conf3,
	author = {Калякулина, А.И. and Юсипов, И.И. and Иванченко, М.В.},
	title = {Статистический анализ данных метилирования для поиска связанных с полом биомаркеров-предикторов возраста},
	booktitle = {Труды XXIV научной конференции по радиофизике, посвящённой 75-летию радиофизического факультета.},
	year = {2020},
	language = {russian},
	authorconf = {true},
}

@CONFERENCE{conf4,
	author = {Калякулина, А.И. and Юсипов, И.И. and Иванченко, М.В. and Франчески, К.},
	title = {Изучение связанных с полом изменений уровня метилирования, зависящих от возраста},
	booktitle = {Биосистемы: организация, поведение, управление: Тезисы докладов 73-й Всероссийской с международным участием школы-конференции молодых учёных},
	year = {2020},
	language = {russian},
	authorconf = {true},
}