@book{alberts2008molecular,
	title={Molecular Biology of the Cell},
	author={Alberts, B. and Wilson, J.H. and Johnson, A. and Hunt, T. and Lewis, J. and Roberts, K. and Raff, M. and Walter, P.},
	isbn={9780815341116},
	lccn={20070056},
	year={2008},
	publisher={Garland Science},
	numpages = {1601}
}

@book{brooker2004genetics,
	title={Genetics: Analysis and Principles},
	author={Brooker, R.J.},
	isbn={9780072965971},
	lccn={2003066612},
	year={2004},
	publisher={McGraw-Hill Higher Education},
	numpages = {842}
}

@book{lesk2017introduction,
	title={Introduction to Genomics},
	author={Lesk, A.M.},
	isbn={9780198754831},
	lccn={2016963303},
	year={2017},
	publisher={Oxford University Press},
	numpages = {509}
}

@book{brown2002genomes,
	title={Genomes},
	author={Brown, T.A. and Brown, T.A.},
	isbn={9780471250463},
	lccn={20020031},
	series={NCBI Bookshelf},
	year={2002},
	publisher={Wiley-Liss},
	numpages = {572}
}

@book{alberts2017molecular,
	title={Molecular Biology of the Cell},
	author={Alberts, B.},
	isbn={9781317563754},
	year={2017},
	publisher={W.W. Norton},
	numpages = {1464}
}

@book{berg2010biochemistry,
	title={Biochemistry},
	author={Berg, J.M. and Tymoczko, J.L. and Stryer, L.},
	isbn={9781429229364},
	lccn={2010937856},
	year={2010},
	publisher={W. H. Freeman},
	numpages = {1120}
}

@book{tropp2012molecular,
	title={Molecular Biology: Genes to Proteins},
	author={Tropp, B.E.},
	isbn={9780763786632},
	lccn={2010053850},
	year={2012},
	publisher={Jones \& Bartlett Learning},
	numpages = {1097}
}

@book{rieger2012glossary,
	title={Glossary of Genetics: Classical and Molecular},
	author={Rieger, R. and Michaelis, A. and Green, M.M.},
	isbn={9783642753336},
	lccn={91019956},
	year={2012},
	publisher={Springer Berlin Heidelberg},
	numpages = {553}
}

@article{Wolfsberg2001,
	doi = {10.1038/35057000},
	url = {https://doi.org/10.1038/35057000},
	year = {2001},
	month = feb,
	publisher = {Springer Science and Business Media {LLC}},
	volume = {409},
	number = {6822},
	pages = {824--826},
	author = {Tyra G. Wolfsberg and Johanna McEntyre and Gregory D. Schuler},
	title = {Guide to the draft human genome},
	journal = {Nature}
}

@article{Harrison2002,
	doi = {10.1101/gr.207102},
	url = {https://doi.org/10.1101/gr.207102},
	year = {2002},
	month = feb,
	publisher = {Cold Spring Harbor Laboratory},
	volume = {12},
	number = {2},
	pages = {272--280},
	author = {P. M. Harrison},
	title = {Molecular Fossils in the Human Genome: Identification and Analysis of the Pseudogenes in Chromosomes 21 and 22},
	journal = {Genome Research}
}

@article{Anderson1981,
	doi = {10.1038/290457a0},
	url = {https://doi.org/10.1038/290457a0},
	year = {1981},
	month = apr,
	publisher = {Springer Science and Business Media {LLC}},
	volume = {290},
	number = {5806},
	pages = {457--465},
	author = {S. Anderson and A. T. Bankier and B. G. Barrell and M. H. L. de Bruijn and A. R. Coulson and J. Drouin and I. C. Eperon and D. P. Nierlich and B. A. Roe and F. Sanger and P. H. Schreier and A. J. H. Smith and R. Staden and I. G. Young},
	title = {Sequence and organization of the human mitochondrial genome},
	journal = {Nature}
}

@book{lodish2012molecular,
	title={Molecular Cell Biology},
	author={Lodish, H.F.},
	isbn={9781464109812},
	lccn={2012932495},
	series={Molecular Cell Biology},
	year={2012},
	publisher={Freeman},
	numpages = {1154}
}

@book{cooper2004cell,
	title={The Cell: A Molecular Approach},
	author={Cooper, G.M. and Hausman, R.E.},
	isbn={9780878932146},
	lccn={20038953},
	year={2004},
	publisher={ASM Press},
	numpages = {713}
}

@book{cox2016biogeography,
	title={Biogeography: An Ecological and Evolutionary Approach},
	author={Cox, C.B. and Moore, P.D. and Ladle, R.J.},
	isbn={9781118968604},
	year={2016},
	publisher={Wiley},
	numpages = {500}
}

@article{Arora2015,
	doi = {10.6026/97320630011272},
	url = {https://doi.org/10.6026/97320630011272},
	year = {2015},
	month = jun,
	publisher = {Biomedical Informatics},
	volume = {11},
	number = {6},
	pages = {272--275},
	author = {Devender Arora and Ajeet Singh and Vikrant Sharma and Harvendra Singh Bhaduria and Ram Bahadur Patel},
	title = {{HgsDb}: Haplogroups Database to understand migration and molecular risk assessment},
	journal = {Bioinformation}
}

@book{griffiths2000introduction,
	title={Introduction to Genetic Analysis},
	author={Griffiths, A.J.F. and Miller, J.H. and Suzuki, D.T. and Lewontin, R.C. and Gelbart, W.M.},
	isbn={9780716735205},
	lccn={99043254},
	year={2000},
	publisher={W. H. Freeman}, 
	numpages = {860}
}

@article{Dawkins2010,
	doi = {10.1111/j.1439-0310.1978.tb01823.x},
	url = {https://doi.org/10.1111/j.1439-0310.1978.tb01823.x},
	year = {2010},
	month = apr,
	publisher = {Wiley},
	volume = {47},
	number = {1},
	pages = {61--76},
	author = {Richard Dawkins},
	title = {Replicator Selection and the Extended Phenotype3},
	journal = {Zeitschrift f\"{u}r Tierpsychologie}
}

@article{Dupont2009,
	doi = {10.1055/s-0029-1237423},
	url = {https://doi.org/10.1055/s-0029-1237423},
	year = {2009},
	month = aug,
	publisher = {Georg Thieme Verlag {KG}},
	volume = {27},
	number = {05},
	pages = {351--357},
	author = {Cath{\'{e}}rine Dupont and D. Armant and Carol Brenner},
	title = {Epigenetics: Definition,  Mechanisms and Clinical Perspective},
	journal = {Seminars in Reproductive Medicine}
}

@article{Bird2007,
	doi = {10.1038/nature05913},
	url = {https://doi.org/10.1038/nature05913},
	year = {2007},
	month = may,
	publisher = {Springer Science and Business Media {LLC}},
	volume = {447},
	number = {7143},
	pages = {396--398},
	author = {Adrian Bird},
	title = {Perceptions of epigenetics},
	journal = {Nature}
}

@article{Pang2020,
	doi = {10.1038/s41588-020-0578-5},
	url = {https://doi.org/10.1038/s41588-020-0578-5},
	year = {2020},
	month = feb,
	publisher = {Springer Science and Business Media {LLC}},
	volume = {52},
	number = {3},
	pages = {254--263},
	author = {Baoxu Pang and Michael P. Snyder},
	title = {Systematic identification of silencers in human cells},
	journal = {Nature Genetics}
}

@article{BuckKoehntop2013,
	doi = {10.4161/epi.23632},
	url = {https://doi.org/10.4161/epi.23632},
	year = {2013},
	month = feb,
	publisher = {Informa {UK} Limited},
	volume = {8},
	number = {2},
	pages = {131--137},
	author = {Bethany A. Buck-Koehntop and Pierre-Antoine Defossez},
	title = {On how mammalian transcription factors recognize methylated {DNA}},
	journal = {Epigenetics}
}

@article{Kelsey2013,
	doi = {10.1098/rstb.2011.0336},
	url = {https://doi.org/10.1098/rstb.2011.0336},
	year = {2013},
	month = jan,
	publisher = {The Royal Society},
	volume = {368},
	number = {1609},
	pages = {20110336},
	author = {Gavin Kelsey and Robert Feil},
	title = {New insights into establishment and maintenance of {DNA} methylation imprints in mammals},
	journal = {Philosophical Transactions of the Royal Society B: Biological Sciences}
}

@article{Bird1986,
	doi = {10.1038/321209a0},
	url = {https://doi.org/10.1038/321209a0},
	year = {1986},
	month = may,
	publisher = {Springer Science and Business Media {LLC}},
	volume = {321},
	number = {6067},
	pages = {209--213},
	author = {Adrian P. Bird},
	title = {{CpG}-rich islands and the function of {DNA} methylation},
	journal = {Nature}
}

@article{GardinerGarden1987,
	doi = {10.1016/0022-2836(87)90689-9},
	url = {https://doi.org/10.1016/0022-2836(87)90689-9},
	year = {1987},
	month = jul,
	publisher = {Elsevier {BV}},
	volume = {196},
	number = {2},
	pages = {261--282},
	author = {M. Gardiner-Garden and M. Frommer},
	title = {{CpG} Islands in vertebrate genomes},
	journal = {Journal of Molecular Biology}
}

@article{Lander2001,
	doi = {10.1038/35057062},
	url = {https://doi.org/10.1038/35057062},
	year = {2001},
	month = feb,
	publisher = {Springer Science and Business Media {LLC}},
	volume = {409},
	number = {6822},
	pages = {860--921},
	author = {E.S. Lander and L.M. Linton and B. Birren and C. Nusbaum and M.C. Zody and J. Baldwin},
	title = {Initial sequencing and analysis of the human genome},
	journal = {Nature}
}

@article{Illingworth2010,
	doi = {10.1371/journal.pgen.1001134},
	url = {https://doi.org/10.1371/journal.pgen.1001134},
	year = {2010},
	month = sep,
	publisher = {Public Library of Science ({PLoS})},
	volume = {6},
	number = {9},
	pages = {e1001134},
	author = {Robert S. Illingworth and Ulrike Gruenewald-Schneider and Shaun Webb and Alastair R. W. Kerr and Keith D. James and Daniel J. Turner and Colin Smith and David J. Harrison and Robert Andrews and Adrian P. Bird},
	editor = {Wolf Reik},
	title = {Orphan {CpG} Islands Identify Numerous Conserved Promoters in the Mammalian Genome},
	journal = {{PLoS} Genetics}
}

@article{Saxonov2006,
	doi = {10.1073/pnas.0510310103},
	url = {https://doi.org/10.1073/pnas.0510310103},
	year = {2006},
	month = jan,
	publisher = {Proceedings of the National Academy of Sciences},
	volume = {103},
	number = {5},
	pages = {1412--1417},
	author = {S. Saxonov and P. Berg and D. L. Brutlag},
	title = {A genome-wide analysis of {CpG} dinucleotides in the human genome distinguishes two distinct classes of promoters},
	journal = {Proceedings of the National Academy of Sciences}
}

@article{Fu2017,
	doi = {10.18632/oncotarget.18293},
	url = {https://doi.org/10.18632/oncotarget.18293},
	year = {2017},
	month = may,
	publisher = {Impact Journals,  {LLC}},
	volume = {8},
	number = {44},
	pages = {78163--78173},
	author = {Siqi Fu and Haijing Wu and Huiming Zhang and Christine G. Lian and Qianjin Lu},
	title = {{DNA} methylation/hydroxymethylation in melanoma},
	journal = {Oncotarget}
}

@article{Choy2010,
	doi = {10.1186/1471-2164-11-519},
	url = {https://doi.org/10.1186/1471-2164-11-519},
	year = {2010},
	publisher = {Springer Science and Business Media {LLC}},
	volume = {11},
	number = {1},
	pages = {519},
	author = {Mun-Kit Choy and Mehregan Movassagh and Hock-Guan Goh and Martin R Bennett and Thomas A Down and Roger S-Y Foo},
	title = {Genome-wide conserved consensus transcription factor binding motifs are hyper-methylated},
	journal = {{BMC} Genomics}
}

@article{Cedar2012,
	doi = {10.1146/annurev-biochem-052610-091920},
	url = {https://doi.org/10.1146/annurev-biochem-052610-091920},
	year = {2012},
	month = jul,
	publisher = {Annual Reviews},
	volume = {81},
	number = {1},
	pages = {97--117},
	author = {Howard Cedar and Yehudit Bergman},
	title = {Programming of {DNA} Methylation Patterns},
	journal = {Annual Review of Biochemistry}
}

@article{Borgel2010,
	doi = {10.1038/ng.708},
	url = {https://doi.org/10.1038/ng.708},
	year = {2010},
	month = nov,
	publisher = {Springer Science and Business Media {LLC}},
	volume = {42},
	number = {12},
	pages = {1093--1100},
	author = {Julie Borgel and Sylvain Guibert and Yufeng Li and Hatsune Chiba and Dirk Sch\"{u}beler and Hiroyuki Sasaki and Thierry Forn{\'{e}} and Michael Weber},
	title = {Targets and dynamics of promoter {DNA} methylation during early mouse development},
	journal = {Nature Genetics}
}

@article{Wang2018Cancer,
	doi = {10.1186/s40880-018-0302-3},
	url = {https://doi.org/10.1186/s40880-018-0302-3},
	year = {2018},
	month = may,
	publisher = {Wiley},
	volume = {38},
	number = {1},
	pages = {25},
	author = {Yi-Ping Wang and Qun-Ying Lei},
	title = {Metabolic recoding of epigenetics in cancer},
	journal = {Cancer Communications}
}

@article{Castro2003,
	doi = {10.1373/49.8.1292},
	url = {https://doi.org/10.1373/49.8.1292},
	year = {2003},
	month = aug,
	publisher = {Oxford University Press ({OUP})},
	volume = {49},
	number = {8},
	pages = {1292--1296},
	author = {Rita Castro and Isabel Rivera and Eduard A Struys and Erwin E W Jansen and Paula Ravasco and Maria Ermelinda Camilo and Henk J Blom and Cornelis Jakobs and Isabel Tavares de Almeida},
	title = {Increased Homocysteine and S-Adenosylhomocysteine Concentrations and {DNA} Hypomethylation in Vascular Disease},
	journal = {Clinical Chemistry}
}

@article{Sweatt2016,
	doi = {10.1111/jnc.13564},
	url = {https://doi.org/10.1111/jnc.13564},
	year = {2016},
	month = mar,
	publisher = {Wiley},
	volume = {137},
	number = {3},
	pages = {312--330},
	author = {J. David Sweatt},
	title = {Dynamic {DNA} methylation controls glutamate receptor trafficking and synaptic scaling},
	journal = {Journal of Neurochemistry}
}

@article{Kim2017,
	doi = {10.1038/emm.2016.140},
	url = {https://doi.org/10.1038/emm.2016.140},
	year = {2017},
	month = jan,
	publisher = {Springer Science and Business Media {LLC}},
	volume = {49},
	number = {1},
	pages = {e281--e281},
	author = {Somi Kim and Bong-Kiun Kaang},
	title = {Epigenetic regulation and chromatin remodeling in learning and memory},
	journal = {Experimental {\&} Molecular Medicine}
}


@article{Rana2018,
	doi = {10.1186/s41935-018-0042-1},
	url = {https://doi.org/10.1186/s41935-018-0042-1},
	year = {2018},
	month = jan,
	publisher = {Springer Science and Business Media {LLC}},
	volume = {8},
	number = {1},
	author = {Ajay Kumar Rana},
	title = {Crime investigation through {DNA} methylation analysis: methods and applications in forensics},
	journal = {Egyptian Journal of Forensic Sciences}
}

@article{Hernandez2013,
	doi = {10.2144/000114087},
	url = {https://doi.org/10.2144/000114087},
	year = {2013},
	month = oct,
	publisher = {Future Science Ltd},
	volume = {55},
	number = {4},
	author = {Hern{\'{a}}n G. Hern{\'{a}}ndez and M. Yat Tse and Stephen C. Pang and Humberto Arboleda and Diego A. Forero},
	title = {Optimizing methodologies for {PCR}-based {DNA} methylation analysis},
	journal = {{BioTechniques}}
}

@article{Malentacchi2009,
	doi = {10.1093/nar/gkp383},
	url = {https://doi.org/10.1093/nar/gkp383},
	year = {2009},
	month = may,
	publisher = {Oxford University Press ({OUP})},
	volume = {37},
	number = {12},
	pages = {e86--e86},
	author = {F. Malentacchi and G. Forni and S. Vinci and C. Orlando},
	title = {Quantitative evaluation of {DNA} methylation by optimization of a differential-high resolution melt analysis protocol},
	journal = {Nucleic Acids Research}
}

@article{Horvath2013,
	doi = {10.1186/gb-2013-14-10-r115},
	url = {https://doi.org/10.1186/gb-2013-14-10-r115},
	year = {2013},
	publisher = {Springer Science and Business Media {LLC}},
	volume = {14},
	number = {10},
	pages = {R115},
	author = {Steve Horvath},
	title = {{DNA} methylation age of human tissues and cell types},
	journal = {Genome Biology}
}

@book{rose1994evolutionary,
	title={Evolutionary Biology of Aging},
	author={Rose, M.R.},
	isbn={9780195095302},
	lccn={lc90006787},
	year={1994},
	publisher={Oxford University Press},
	numpages={221}
}

@article{LopezOtin2013,
	doi = {10.1016/j.cell.2013.05.039},
	url = {https://doi.org/10.1016/j.cell.2013.05.039},
	year = {2013},
	month = jun,
	publisher = {Elsevier {BV}},
	volume = {153},
	number = {6},
	pages = {1194--1217},
	author = {Carlos L{\'{o}}pez-Otin and Maria A. Blasco and Linda Partridge and Manuel Serrano and Guido Kroemer},
	title = {The Hallmarks of Aging},
	journal = {Cell}
}

@article{Heyn2012,
	doi = {10.1073/pnas.1120658109},
	url = {https://doi.org/10.1073/pnas.1120658109},
	year = {2012},
	month = jun,
	publisher = {Proceedings of the National Academy of Sciences},
	volume = {109},
	number = {26},
	pages = {10522--10527},
	author = {H. Heyn and N. Li and H. J. Ferreira and S. Moran and D. G. Pisano and A. Gomez and J. Diez and J. V. Sanchez-Mut and F. Setien and F. J. Carmona and A. A. Puca and S. Sayols and M. A. Pujana and J. Serra-Musach and I. Iglesias-Platas and F. Formiga and A. F. Fernandez and M. F. Fraga and S. C. Heath and A. Valencia and I. G. Gut and J. Wang and M. Esteller},
	title = {Distinct {DNA} methylomes of newborns and centenarians},
	journal = {Proceedings of the National Academy of Sciences}
}

@article{Frederiksen2002,
	doi = {10.1002/gepi.1127},
	url = {https://doi.org/10.1002/gepi.1127},
	year = {2002},
	month = aug,
	publisher = {Wiley},
	volume = {23},
	number = {2},
	pages = {110--122},
	author = {Henrik Frederiksen and David Gaist and Hans Christian Petersen and Jacob Hjelmborg and Matt McGue and James W. Vaupel and Kaare Christensen},
	title = {Hand grip strength: A phenotype suitable for identifying genetic variants affecting mid- and late-life physical functioning},
	journal = {Genetic Epidemiology}
}

@article{Reynolds2005,
	doi = {10.1037/0012-1649.41.1.3},
	url = {https://doi.org/10.1037/0012-1649.41.1.3},
	year = {2005},
	publisher = {American Psychological Association ({APA})},
	volume = {41},
	number = {1},
	pages = {3--16},
	author = {Chandra A. Reynolds and Deborah Finkel and John J. McArdle and Margaret Gatz and Stig Berg and Nancy L. Pedersen},
	title = {Quantitative Genetic Analysis of Latent Growth Curve Models of Cognitive Abilities in Adulthood.},
	journal = {Developmental Psychology}
}

@article{Zwijnenburg2010,
	doi = {10.1002/ajmg.b.31091},
	url = {https://doi.org/10.1002/ajmg.b.31091},
	year = {2010},
	publisher = {Wiley},
	pages = {n/a--n/a},
	author = {Petra J.G. Zwijnenburg and Hanne Meijers-Heijboer and Dorret I. Boomsma},
	title = {Identical but not the same: The value of discordant monozygotic twins in genetic research},
	journal = {American Journal of Medical Genetics Part B: Neuropsychiatric Genetics}
}

@article{CastilloFernandez2014,
	doi = {10.1186/s13073-014-0060-z},
	url = {https://doi.org/10.1186/s13073-014-0060-z},
	year = {2014},
	month = jul,
	publisher = {Springer Science and Business Media {LLC}},
	volume = {6},
	number = {7},
	author = {Juan E Castillo-Fernandez and Tim D Spector and Jordana T Bell},
	title = {Epigenetics of discordant monozygotic twins: implications for disease},
	journal = {Genome Medicine}
}

@article{Issa2014,
	doi = {10.1172/jci69735},
	url = {https://doi.org/10.1172/jci69735},
	year = {2014},
	month = jan,
	publisher = {American Society for Clinical Investigation},
	volume = {124},
	number = {1},
	pages = {24--29},
	author = {Jean-Pierre Issa},
	title = {Aging and epigenetic drift: a vicious cycle},
	journal = {Journal of Clinical Investigation}
}

@article{Levesque2014,
	doi = {10.4161/15592294.2014.970060},
	url = {https://doi.org/10.4161/15592294.2014.970060},
	year = {2014},
	month = oct,
	publisher = {Informa {UK} Limited},
	volume = {9},
	number = {10},
	pages = {1410--1422},
	author = {M{\'{e}}lissa L L{\'{e}}vesque and Kevin F Casey and Moshe Szyf and Elmira Ismaylova and Victoria Ly and Marie-Pier Verner and Matthew Suderman and Mara Brendgen and Frank Vitaro and Ginette Dionne and Michel Boivin and Richard E Tremblay and Linda Booij},
	title = {Genome-wide {DNA} methylation variability in adolescent monozygotic twins followed since birth},
	journal = {Epigenetics}
}

@article{Tan2016,
	doi = {10.1093/ije/dyw132},
	url = {https://doi.org/10.1093/ije/dyw132},
	year = {2016},
	month = aug,
	publisher = {Oxford University Press ({OUP})},
	pages = {dyw132},
	author = {Qihua Tan and Bastiaan T. Heijmans and Jacob v. B. Hjelmborg and Mette Soerensen and Kaare Christensen and Lene Christiansen},
	title = {Epigenetic drift in the aging genome: a ten-year follow-up in an elderly twin cohort},
	journal = {International Journal of Epidemiology}
}

@article{Wang2018Twins,
	doi = {10.1080/15592294.2018.1526028},
	url = {https://doi.org/10.1080/15592294.2018.1526028},
	year = {2018},
	month = sep,
	publisher = {Informa {UK} Limited},
	volume = {13},
	number = {9},
	pages = {975--987},
	author = {Yunzhang Wang and Robert Karlsson and Erik Lampa and Qian Zhang and {\AA}sa K. Hedman and Malin Almgren and Catarina Almqvist and Allan F. McRae and Riccardo E. Marioni and Erik Ingelsson and Peter M. Visscher and Ian J. Deary and Lars Lind and Tiffany Morris and Stephan Beck and Nancy L. Pedersen and Sara H\"{a}gg},
	title = {Epigenetic influences on aging: a longitudinal genome-wide methylation study in old Swedish twins},
	journal = {Epigenetics}
}

@article{Baker1988,
	doi = {10.1016/0531-5565(88)90025-3},
	url = {https://doi.org/10.1016/0531-5565(88)90025-3},
	year = {1988},
	month = jan,
	publisher = {Elsevier {BV}},
	volume = {23},
	number = {4-5},
	pages = {223--239},
	author = {George T. Baker and Richard L. Sprott},
	title = {Biomarkers of aging},
	journal = {Experimental Gerontology}
}




% ГОСТ Р 7.0.11-2011, Приложение Б, Книги
@BOOK{Sychev,
  author = {Сычёв, М. С.},
  title = {История Астраханского казачьего войска : учебное пособие},
  address = {Астрахань},
  publisher = {Волга},
  year = {2009},
  numpages = {231},
  language = {russian}
}

@BOOK{Sokolov,
  author = {Соколов, А. Н. and Сердобинцев, К. С.},
  editor = {Бочарова, В. М.},
  address = {Астрахань},
  publisher = {Калиниградский ЮИ МВД России},
  title = {Гражданское общество: проблемы формирования и развития (философский и юридический аспекты) : монография},
  year = {2009},
  numpages = {218},
  language = {russian}
}

@BOOK{Gaidaenko,
  author = {Гайдаенко, Т. А.},
  title = {Маркетинговое управление: принципы управленческих решений и российская практика},
  edition = {{}3-е изд, перераб. и доп.},
  address = {М.},
  publisher = {Эксмо: МИРБИС},
  year = {2008},
  numpages = {508},
  language = {russian}
}

@BOOK{Lermontov,
  author = {Лермонтов, Михаил Юрьевич},
  title = {Собрание сочинений: в 4 т.},
  address = {М.},
  publisher = {Терра-Кн. клуб},
  year = {2009},
  note = {4 т.},
  language = {russian}
}

@BOOK{Management,
  title = {Управление бизнесом : сборник статей},
  address = {Нижний новгород},
  publisher = {Изд-во Нижегородского университета},
  year = {2009},
  numpages = {243},
  language = {russian}
}

@BOOK{Borozda,
  author = {Борозда, И. В. and Воронин, Н. И. and Бушманов, А. В.},
  title = {Лечение сочетанных повреждений таза},
  address = {Владивосток},
  publisher = {Дальнаука},
  year = {2009},
  numpages = {195},
  language = {russian}
}

@BOOK{Marketing,
  author = {Михненков, О. В. and Коготкова, И. З. and Генкин, Е. В. and Сороко, Г. Я.},
  title = {Маркетинговые исследования в строительстве : учебное пособие для студентов специальности «Менеджмент организаций»},
  address = {М.},
  publisher = {Государственный университет управления},
  year = {2005},
  numpages = {59},
  language = {russian}
}

% ГОСТ Р 7.0.11-2011, Приложение Б, Нормативные правовые акты
@BOOK{Constitution,
  title = {Конституция Российской Федерации : офиц. текст.},
  address = {М.},
  publisher = {Маркетинг},
  year = {2001},
  numpages = {39},
  language = {russian}
}

@BOOK{FamilyCode,
  title = {Семейный кодекс Российской Федерации : [федер. закон: принят Гос. Думой 8 дек. 1995~г. : по состоянию на 3~янв. 2001~г.]},
  address = {СПб.},
  publisher = {Стаун-кантри},
  year = {2001},
  numpages = {94},
  language = {russian}
}

% ГОСТ Р 7.0.11-2011, Приложение Б, Стандарты
@BOOK{Gost.7.0.53,
  title = {ГОСТ Р 7.0.53-2007 Система стандартов по информации, библиотечному и издательскому делу. Издания. Международный стандартный книжный номер. Использование и издательское оформление.},
  address = {М.},
  publisher = {Стандартинформ},
  year = {2007},
  numpages = {5},
  language = {russian}
}

% ГОСТ Р 7.0.11-2011, Приложение Б, Депонированные научные работы
@BOOK{Razumovski,
  author = {Разумовский, В. А. and Андреев, Д. А.},
  title = {Управление маркетинговыми исследованиями в регионе},
  address = {М.},
  year = {2002},
  numpages = {210},
  note = {Деп. в ИНИОН Рос. акад. наук 15.02.02, № 139876},
  language = {russian}
}

% ГОСТ Р 7.0.11-2011, Приложение Б, Диссертации
@BOOK{Lagkueva,
  author = {Лагкуева, Ирина Владимировна},
  title = {Особенности регулирования труда творческих работников театров : дис. ... канд. юрид. наук : 12.00.05},
  address = {М.},
  year = {2009},
  numpages = {168},
  language = {russian}
}

@BOOK{Pokrovski,
  author = {Покровский, Андрей Владимирович},
  title = {Устранимые особенности решений эллиптических уравнений : дис. ... д-ра физ.-мат. наук : 01.01.01},
  address = {М.},
  year = {2008},
  numpages = {178},
  language = {russian}
}

% ГОСТ Р 7.0.11-2011, Приложение Б, Авторефераты диссертаций
@BOOK{Sirotko,
  author = {Сиротко, Владимир Викторович},
  title = {Медико-социальные аспекты городского травматизма в современных условиях : автореф. дис. ... канд. мед. наук : 14.00.33},
  address = {М.},
  year = {2006},
  numpages = {26},
  language = {russian}
}

% !!! этот пример НЕ работает с bibtex
% Тот же пример, с использованием https://www.ctan.org/pkg/biblatex-gost
@THESIS{Sirotko2,
  author =       {Сиротко, Владимир Викторович},
  title =        {Медико-социальные аспекты городского травматизма в современных условиях},
  media =        {text},
  type =         {phdautoref},
  science =      {мед. наук},
  specialitycode ={14.00.33},
  address =      {М.},
  year =         {2006},
  pagetotal =    {26},
  language =     {russian},
}

@BOOK{Lukina,
  author = {Лукина, Валентина Александровна},
  title = {Творческая история «Записок охотника» И. С. Тургенева : автореф. дис. ... канд. филол. наук : 10.01.01},
  address = {СПб.},
  year = {2006},
  numpages = {26},
  language = {russian}
}

% !!! этот пример НЕ работает с bibtex
% Тот же пример, с использованием https://www.ctan.org/pkg/biblatex-gost
@THESIS{Lukina2,
  author =       {Лукина, Валентина Александровна},
  title =        {Творческая история «Записок охотника» И. С. Тургенева},
  media =        {text},
  type =         {phdautoref},
  science =      {филол. наук},
  specialitycode ={10.01.01},
  address =      {СПб.},
  year =         {2006},
  pagetotal =    {26},
  language =     {russian},
}

% ГОСТ Р 7.0.11-2011, Приложение Б, Отчёты о научно-исследовательской работе
@BOOK{Methodology,
  author = {Загорюев, А. Л.},
  title = {Методология и методы изучения военно-профессиональной направленности подростков : отчёт о НИР},
  address = {Екатеринбург},
  institution = {Уральский институт практической психологии},
  year = {2008},
  numpages = {102},
  language = {russian}
}

% ГОСТ Р 7.0.11-2011, Приложение Б, Электронные ресурсы
@BOOK{Encyclopedia,
  title = {Художественная энциклопедия зарубежного классического искусства [Электронный ресурс]},
  address = {М.},
  publisher = {Большая Рос. энкцикл.},
  year = {1996},
  note = {1 электрон. опт. диск (CD-ROM)},
  language = {russian}
}

% !!! этот пример НЕ работает с bibtex
% Тот же пример, с использованием https://www.ctan.org/pkg/biblatex-gost
@BOOK{Encyclopedia2,
  title = {Художественная энциклопедия зарубежного классического искусства},
  address = {М.},
  media = {eresource},
  publisher = {Большая Рос. энкцикл.},
  year = {1996},
  note = {1 электрон. опт. диск (CD-ROM)},
  language = {russian},
}

@ARTICLE{Nasirova,
  author =       {Насырова, Г. А.},
  title =        {Модели государственного регулирования страховой деятельности
                  [Электронный ресурс]},
  journal =      {Вестник Финансовой академии},
  year =         {2003},
  number =       {4},
  note =         {Режим доступа: http://vestnik.fa.ru/4(28)2003/4.html},
  language =     {russian}
}

@ARTICLE{Nasirova2,
  author = {Насырова, Г. А.},
  title = {Модели государственного регулирования страховой деятельности},
  journal = {Вестник Финансовой академии},
  year = {2003},
  media = {eresource},
  number = {4},
  note = {Режим доступа: http://vestnik.fa.ru/4(28)2003/4.html},
  language = {russian}
}

% ГОСТ Р 7.0.11-2011, Приложение Б, Статьи

@ARTICLE{Berestova,
  author = {Берестова, Т. Ф.},
  title = {Поисковые инструменты библиотеки},
  journal = {Библиография},
  year = {2006},
  number = {4},
  pages = {19},
  language = {russian}
}

@ARTICLE{Kriger,
  author = {Кригер, И.},
  title =  {Бумага терпит},
  journal = {Новая газета},
  year = {2009},
  note = {1 июля},
  language = {russian}
}


% Examples from https://verbosus.com/bibtex-style-examples.html
@ARTICLE{Article,
  author   = {Peter Adams},
  title    = {The title of the work},
  journal  = {The name of the journal},
  year     = {1993},
  number   = {2},
  pages    = {201-213},
  month    = {7},
  note     = {An optional note},
  volume   = {4},
  language = {english}
}

@BOOK{Book,
  author    = {Peter Babington},
  title     = {The title of the work},
  publisher = {The name of the publisher},
  year      = {1993},
  volume    = {4},
  series    = {10},
  address   = {The address},
  edition   = {3},
  month     = {7},
  note      = {An optional note},
  isbn      = {3257227892},
  language  = {english}
}

@BOOKLET{Booklet,
  title        = {The title of the work},
  author       = {Peter Caxton},
  howpublished = {How it was published},
  address      = {The address of the publisher},
  month        = {7},
  year         = {1993},
  note         = {An optional note},
  language     = {english}
}

@CONFERENCE{Conference,
  author       = {Peter Draper},
  title        = {The title of the work},
  booktitle    = {The title of the book},
  year         = {1993},
  editor       = {The editor},
  volume       = {4},
  series       = {5},
  pages        = {213},
  address      = {The address of the publisher},
  month        = {7},
  organization = {The organization},
  publisher    = {The publisher},
  note         = {An optional note},
  language     = {english}
}

@INBOOK{Inbook,
  author       = {Peter Eston},
  title        = {The title of the work},
  booktitle    = {Book title},
  chapter      = {8},
  pages        = {201-213},
  publisher    = {The name of the publisher},
  year         = {1993},
  volume       = {4},
  series       = {5},
  address      = {The address of the publisher},
  edition      = {3},
  month        = {7},
  note         = {An optional note},
  language     = {english}
}

@INCOLLECTION{Incollection,
  author       = {Peter Farindon},
  title        = {The title of the work},
  booktitle    = {The title of the book},
  publisher    = {The name of the publisher},
  year         = {1993},
  editor       = {The editor},
  volume       = {4},
  series       = {5},
  chapter      = {8},
  pages        = {201-213},
  address      = {The address of the publisher},
  edition      = {3},
  month        = {7},
  note         = {An optional note},
  language     = {english}
}

@MANUAL{Manual,
  title        = {The title of the work},
  author       = {Peter Gainsford},
  organization = {The organization},
  address      = {The address of the publisher},
  edition      = {3},
  month        = {7},
  year         = {1993},
  note         = {An optional note},
  language     = {english}
}

@MASTERSTHESIS{Mastersthesis,
  author       = {Peter Harwood},
  title        = {The title of the work},
  school       = {The school where the thesis was written},
  year         = {1993},
  address      = {The address of the publisher},
  month        = {7},
  note         = {An optional note},
  language     = {english}
}

@MISC{Misc,
  author       = {Peter Isley},
  title        = {The title of the work},
  howpublished = {How it was published},
  month        = {7},
  year         = {1993},
  note         = {An optional note},
  language     = {english}
}

@PHDTHESIS{Phdthesis,
  author       = {Peter Joslin},
  title        = {The title of the work},
  school       = {The school where the thesis was written},
  year         = {1993},
  address      = {The address of the publisher},
  month        = {7},
  note         = {An optional note},
  language     = {english}
}

@PROCEEDINGS{Proceedings,
  title        = {The title of the work},
  year         = {1993},
  editor       = {Peter Kidwelly},
  volume       = {4},
  series       = {5},
  address      = {The address of the publisher},
  month        = {7},
  organization = {The organization},
  publisher    = {The name of the publisher},
  note         = {An optional note},
  language     = {english}
}

@TECHREPORT{Techreport,
  author       = {Peter Lambert},
  title        = {The title of the work},
  institution  = {The institution that published},
  year         = {1993},
  number       = {2},
  address      = {The address of the publisher},
  month        = {7},
  note         = {An optional note},
  language     = {english}
}

@UNPUBLISHED{Unpublished,
  author       = {Peter Marcheford},
  title        = {The title of the work},
  note         = {An optional note},
  month        = {7},
  year         = {1993},
  language     = {english}
}

%%% Реальные примеры

% Инициалы должны быть записаны после запятой, с точками, через пробел
% http://www.kit-e.ru/articles/elcomp/2006_12_124.php
% Подчёркивания в ссылке приходится экранировать
% http://www.kit-e.ru/articles/elcomp/2006\_12\_124.php
@online{medvedev2006jelektronnye,
  title={Электронные компоненты и монтажные подложки},
  author={Медведев, А. М.},
  journal={Компоненты и технологии},
  number={12},
  pages={124--134},
  year={2006},
  medium={Электронный ресурс},
  url = {http://www.kit-e.ru/articles/elcomp/2006\_12\_124.php},
  urldate = {19.01.2015},
  language = {russian}
}

% Real example
% & в названии журнала надо экранировать
% 10.1002/1521-4125(200007)23:7<581::AID-CEAT581>3.0.CO;2-P
% < > в ссылке приходится экранировать %3C и %3E, а потом ещё знаки процента в них экранировать
% 10.1002/1521-4125(200007)23:7%3C581::AID-CEAT581%3E3.0.CO;2-P
% 10.1002/1521-4125(200007)23:7\%3C581::AID-CEAT581\%3E3.0.CO;2-P
% url не нужен. если запись о бумажной публикации
@article {CEAT:CEAT581,
  author = {Deiters, U. K.},
  title = {A Modular Program System for the Calculation of Thermodynamic Properties of Fluids},
  journal = {Chemical Engineering \& Technology},
  volume = {23},
  number = {7},
  publisher = {WILEY-VCH Verlag},
  issn = {1521-4125},
  doi = {10.1002/1521-4125(200007)23:7<581::AID-CEAT581>3.0.CO;2-P},
  pages = {581--584},
  year = {2000},
  language = {english}
}

% Real with  4 authors
@article{doi:10.1080/01932691.2010.513279,
  author = {Young-Sang Cho and Young Kuk Kim and Kook Chae Chung and Chul Jin Choi },
  title = {Deformation of Colloidal Crystals for Photonic Band Gap Tuning},
  journal = {Journal of Dispersion Science and Technology},
  volume = {32},
  number = {10},
  pages = {1408-1415},
  year = {2011},
  doi = {10.1080/01932691.2010.513279},
  language = {english}
}

% doi with (), author with umlaut or other unicode or specific symbols, 9 authors
% latex don't like Gösele1999161 in ref
% Умляуты в авторах понимаются из-за поддержки в юникодной странице pdflatex и xelatex
% Иллюстрация того, что будет. если на английской записи будут поставлена пометка, что язык русский
@article{Gosele1999161,
  title = "Wafer bonding for microsystems technologies",
  journal = "Sensors and Actuators A: Physical",
  volume = "74",
  number = "1–3",
  pages = "161 - 168",
  year = "1999",
  issn = "0924-4247",
  doi = "10.1016/S0924-4247(98)00310-0",
  author = "Gösele, U. and Tong, Q.-Y. and Schumacher, A. and Kräuter, G. and Reiche, M. and Plößl, A. and Kopperschmidt, P. and Lee, T.-H. and Kim, W.-J.",
  keywords = "Wafer bonding",
  keywords = "Fusion bonding",
  keywords = "Pressure sensors",
  keywords = "Interface reactions",
  keywords = "Hydrophilic bonding",
  keywords = "Hydrophobic bonding",
  language = {russian}
}

% Real example (from Google or Springer)
% unmodified styles don't know %language = {English}
% язык писать с маленьких
% иллюстрация incollection
% 10.1007/0-387-32989-7_45
% Подчёркивания в DOI приходится экранировать
% 10.1007/0-387-32989-7\_45
@incollection{Li2007StressAnalysis,
  year={2007},
  isbn={978-0-387-27974-9},
  booktitle={Micro- and Opto-Electronic Materials and Structures: Physics, Mechanics, Design, Reliability, Packaging},
  editor={Suhir, E. and Lee, Y. C. and Wong, C. P.},
  doi={10.1007/0-387-32989-7_45},
  title={Stress Analysis for Processed Silicon Wafers and Packaged Micro-devices},
  publisher={Springer US},
  author={Li, Li and Guo, Yifan and Zheng, Dawei},
  pages={B677-B709},
  language={english}
}

% Real, β sign
% inputenc don't know β sign %aluminosilicate-β-quartz
% Знаки типа β, которые не знает таблица кодировки, с которой работает компилятор нужно заменять на latex команды
% doi должен быть без http://dx.doi.org/
@article{Shoji199895,
title = "Low-temperature anodic bonding using lithium aluminosilicate-\(\beta\)-quartz glass ceramic",
journal = "Sensors and Actuators A: Physical",
volume = "64",
number = "1",
pages = "95 - 100",
year = "1998",
note = "Tenth {IEEE} International Workshop on Micro Electro Mechanical Systems ",
issn = "0924-4247",
doi = "10.1016/S0924-4247(97)01659-2",
author = {Shuichi Shoji and Hiroto Kikuchi and Hirotaka Torigoe},
keywords = "Anodic bonding",
keywords = "Low-temperature bonding",
keywords = "Micro assembly",
keywords = "Micro package",
keywords = "Glass ceramic",
}


% from urlbst package
% Example from Jason Eisner, by mail (nothing special about the entry,
% but he seemed to be having formatting problems with unsrturl and proceedings
% entries.
% http://cs.jhu.edu/~jason/papers/#icassp07
@InProceedings{test:eisner-sample,
  author =       {Damianos Karakos and Sanjeev Khudanpur and Jason
                  Eisner and Carey~E. Priebe},
  title =        {Iterative denoising using {J}ensen-{R}enyi
                  divergences with an application to unsupervised
                  document categorization},
  booktitle =    {Proceedings of ICASSP},
  year =         2007,
  url =          {http://cs.jhu.edu/~jason/papers/\#icassp07}
}

@InProceedings{test:eisner-sample-shorted,
  author =       {Damianos Karakos and Sanjeev Khudanpur and Jason
                  Eisner and Carey~E. Priebe},
  title =        {Iterative denoising using {J}ensen-{R}enyi
                  divergences with an application to unsupervised
                  document categorization},
  booktitle =    {Proceedings of ICASSP},
  shortbooktitle = {Proc. of ICASSP},
  year =         2007,
  url =          {http://cs.jhu.edu/~jason/papers/\#icassp07}
}

% Попытка записать патент имеющимися средствами
@Book{iofis_patent1960,
  title                    = {Способ пайки керамики с~керамикой и~стекла с~металлом : а.\,с.~126728 СССР},
  author                   = {Иофис, Н. А.},
  year                     = {1960},
  numpages                 = {Бюл. № 5.~1},
  language                 = {russian}
}

% Попытка записать патент имеющимися средствами
@Book{AB_patent_Pomerantz_1968,
  title                    = {Anodic bonding : patent no. 3397278 US},
  author                   = {Pomerantz, D. I.},
  year                     = {1968},
  language                 = {english}
}

% !!! этот пример НЕ работает с bibtex
% Примеры оформления патентов из пакета https://www.ctan.org/pkg/biblatex-gost
@Patent{patent2h,
  heading =      {Заявка 1095735 Рос. федерация, МПК\ensuremath{^7} B 64 G 1/00},
  author =       {Тернер, Э. В.},
  authortype =   {США},
  title =        {Одноразовая ракета-носитель},
  media =        {text},
  holder =       {{заявитель Спейс Системз/Лорал, инк.}},
  credits =      {патент. поверенный Егорова Г. Б.},
  reqnumber =    {2000108705/28},
  date =         {2000-04-07},
  publdate =     {2001-03-10},
  publication =  {Бюл. № 7 (I ч.)\midsentence},
  prdate =       {1999-04-09},
  prnumber =     {09/289, 037},
  prcountry =    {countryus},
  pagetotal =    {5 с.~: ил.},
  language =     {russian},
}

@Patent{patent3h,
  heading =      {А. с. 1007970 СССР, МКИ\ensuremath{^3} В 25.1 15/00},
  author =       {В. С. Ваулин and В. Г. Кемайкин},
  authortype =   {СССР},
  title =        {Устройство для захвата неориентированных деталей типа валов},
  media =        {text},
  reqnumber =    {3360585/25-08},
  date =         {1981-11-23},
  publication =  {Бюл. № 12},
  publdate =     {1983-03-30},
  pagetotal =    {2 с.~: ил.},
  language =     {russian},
}

@Patent{patent2,
  author =       {Тернер, Э. В.},
  authortype =   {США},
  title =        {Одноразовая ракета-носитель},
  media =        {text},
  type =         {patreq},
  number =       1095735,
  location =     {countryru},
  ipc =          {МПК\ensuremath{^7} B 64 G 1/00},
  holder =       {{заявитель Спейс Системз/Лорал, инк.}},
  credits =      {патент. поверенный Егорова Г. Б.},
  reqnumber =    {2000108705/28},
  date =         {2000-04-07},
  publdate =     {2001-03-10},
  publication =  {Бюл. № 7 (I ч.)\midsentence},
  prioritydate = {1999-04-09},
  prioritynumber ={09/289, 037},
  prioritycountry ={countryus},
  pagetotal =    {5 с.~: ил.},
  language =     {russian},
}
