@Patent{prog1,
  heading =      {Свидетельство о гос. регистрации программы для {ЭВМ}},
  author =       {А.И. Калякулина and И.И. Юсипов},
  title =        {Гендерно-специфичный анализ данных метилирования},
  holder =       {ННГУ},
  reqnumber =    2019619998,
  publdate =     {2019-07-29},
  date =         {2019-07-22},
  prnumber =     2019619098,
  prcountry =    {countryru},
  language =     {russian},
  authorprogram ={yes},
}
